% -----------------------------------------------------------------------
% File: CogSci_Template.bib
% -----------------------------------------------------------------------

% Modified : Eli M. Silk (esilk at pitt.edu)            05/24/2005
% Modified : David Noelle (dnoelle at ucmerced.edu)     11/19/2014

@article{epanechnikov1969non,
  title={Non-parametric estimation of a multivariate probability density},
  author={Epanechnikov, Vassiliy A},
  journal={Theory of Probability \& Its Applications},
  volume={14},
  number={1},
  pages={153--158},
  year={1969},
  publisher={SIAM}
}

@article{ndg+ast:topics2013,
  author = {Noah D. Goodman and Andreas Stuhlm\"{u}ller},
  title = {Knowledge and implicature: Modeling language understanding as social cognition},
  year = 2013,
  journaltitle = {Topics in Cognitive Science},
  keywords = {language, bayesian model, scalar implicature},
}

@article{goodman2012church,
  title={Church: a language for generative models},
  author={Goodman, Noah and Mansinghka, Vikash and Roy, Daniel and Bonawitz, Keith and Tarlow, Daniel},
  journal={arXiv preprint arXiv:1206.3255},
  year={2012}
}

@article{kao2014,
  title={Nonliteral understanding of number words},
  author={Kao, Justine T and Wu, Jean Y and Bergen, Leon and Goodman, Noah D},
  journal={Proceedings of the National Academy of Sciences},
  volume={111},
  number={33},
  pages={12002--12007},
  year={2014},
  publisher={National Acad Sciences}
}

@article{frank2012predicting,
  title={Predicting pragmatic reasoning in language games},
  author={Frank, Michael C and Goodman, Noah D},
  journal={Science},
  volume={336},
  number={6084},
  pages={998--998},
  year={2012},
  publisher={American Association for the Advancement of Science}
}


@article{ast+ndg:cogsys2013,
  author = {Andreas Stuhlm\"{u}ller and Noah D. Goodman},
  journaltitle = {Cognitive Systems Research},
  title = {Reasoning about Reasoning by Nested Conditioning: Modeling Theory of Mind with Probabilistic Programs},
  year = 2013,
  issn = {1389-0417},
  doi = {http://dx.doi.org/10.1016/j.cogsys.2013.07.003},
}

@article{carstensen14,
  title={Testing a rational account of pragmatic reasoning: The case of spatial language},
  author={Carstensen, Alexandra and Kon, Elizabeth and Regier, Terry},
  booktitle={Proceedings of the Thirty-Sixth Annual Conference of the Cognitive Science Society},
  editor={by Paul Bello, Marcello Guarini, Marjorie McShane, and Brian Scassellati},
  pages={2009--2013},
  year={2014}
}

@inproceedings{golland10,
  title={A game-theoretic approach to generating spatial descriptions},
  author={Golland, Dave and Liang, Percy and Klein, Dan},
  booktitle={Proceedings of the 2010 conference on empirical methods in natural language processing},
  pages={410--419},
  year={2010},
}

@article{herskovits85,
  title={Semantics and Pragmatics of Locative Expressions*},
  author={Herskovits, Annette},
  journal={Cognitive Science},
  volume={9},
  number={3},
  pages={341--378},
  year={1985},
}

@book{herskovits87,
  title={Language and spatial cognition},
  author={Herskovits, Annette},
  year={1987},
  publisher={Cambridge University Press}
}

@article{landau93,
  title={Whence and whither in spatial language and spatial cognition?},
  author={Landau, Barbara and Jackendoff, Ray},
  journal={Behavioral and Brain Sciences},
  volume={16},
  number={02},
  pages={255--265},
  year={1993},
}

@book{talmy83,
  title={How language structures space},
  author={Talmy, Leonard},
  year={1983},
  publisher={Springer}
}

@misc{talmy00,
  title={Towards a cognitive semantics, {V}olume 1: {C}oncept {S}tructuring {S}ystems},
  author={Talmy, Leonard},
  year={2000},
  publisher={MIT Press}
}

@inbook{grice75,
  title={Logic and Conversation},
  author={Grice, Paul},
  year = {1975},
  booktitle={Syntax and Semantics, vol.3},
  editor={P. Cole and J. Morgan},
  pages={41--58},
  publisher={ Academic Press},
}

@article{horn84,
  title={Toward a new taxonomy for pragmatic inference: Q-based and R-based implicature},
  author={Horn, Laurence},
  journal={Meaning, form, and use in context: Linguistic applications},
  pages={11--42},
  year={1984},
  publisher={Georgetown University Press}
}


@book{levinson00,
  title={Presumptive meanings: {T}he theory of generalized conversational implicature},
  author={Levinson, Stephen C},
  year={2000},
  publisher={MIT Press}
}


@Article{aczel2015stupid,
  title={What is stupid? People's conception of unintelligent behavior},
  author={Aczel, Balazs and Palfi, Bence and Kekecs, Zoltan},
  journal={Intelligence},
  volume={53},
  pages={51--58},
  year={2015},
  publisher={Elsevier}
}

@InProceedings{ullman2009help,
  title={Help or hinder: Bayesian models of social goal inference},
  author={Ullman, Tomer and Baker, Chris and Macindoe, Owen and Evans, Owain and Goodman, Noah and Tenenbaum, Joshua B},
  booktitle={Advances in neural information processing systems},
  pages={1874--1882},
  year={2009}
}  

@InProceedings{jara2012learning,
  title={Learning what is where from social observations},
  author={Jara-Ettinger, Julian and Baker, Chris L and Tenenbaum, Joshua B},
  booktitle={Proceedings of the Thirty-Fourth Annual Conference of the Cognitive Science Society},
  pages={515--520},
  year={2012}
}

@InProceedings{gerstenbergwins,
  title={Wins above replacement},
  year={2014},
   booktitle={Proceedings of the Thirty-Sixth Annual Conference of the Cognitive Science Society},
  author={Gerstenberg, Tobias and Ullman, Tomer D and Kleiman-Weiner, Max and Lagnado, David A and Tenenbaum, Joshua B}
}

@InProceedings{johnson2013good,
  title={Good decisions, good causes: Optimality as a constraint on attribution of causal responsibility},
  author={Johnson, Samuel GB and Rips, Lance J},
  booktitle={Proceedings of the Thirty-Fourth Annual Conference of the Cognitive Science Society},
  year={2013}
}


@Book{lerner1980,
  title={The Belief in a Just World; a Fundamental Delusion},
  publisher={New york: Plenum Press},
  author={Lerner, Melvin},
  journal={New York},
  year={1980}
}

@Book{gardner2011frames,
  title={Frames of mind: The theory of multiple intelligences},
  author={Gardner, Howard},
  year={2011},
  publisher={Basic books}
}


@Article{brainard1997psychophysics,
  title={The psychophysics toolbox},
  author={Brainard, David H},
  journal={Spatial vision},
  volume={10},
  pages={433--436},
  year={1997},
  publisher={VSP}
}

@Article{lloyd1982least,
  title={Least squares quantization in PCM},
  author={Lloyd, Stuart P},
  journal={Information Theory, IEEE Transactions on},
  volume={28},
  number={2},
  pages={129--137},
  year={1982},
  publisher={IEEE}
}



@Article{olson2008judgments,
  title={Judgments of the lucky across development and culture.},
  author={Olson, Kristina R and Dunham, Yarrow and Dweck, Carol S and Spelke, Elizabeth S and Banaji, Mahzarin R},
  journal={Journal of Personality and Social Psychology},
  volume={94},
  number={5},
  pages={757},
  year={2008},
  publisher={American Psychological Association}
}

@Book{dennett1989intentional,
  title={The intentional stance},
  author={Dennett, Daniel Clement},
  year={1989},
  publisher={MIT press}
}

@Article{olson2006children,
  title={Children's biased evaluations of lucky versus unlucky people and their social groups},
  author={Olson, Kristina R and Banaji, Mahzarin R and Dweck, Carol S and Spelke, Elizabeth S},
  journal={Psychological Science},
  volume={17},
  number={10},
  pages={845--846},
  year={2006},
  publisher={SAGE Publications}
}

@Article{olson2013role,
  title={The role of forgetting in undermining good intentions},
  author={Olson, Kristina R and Heberlein, Andrea S and Kensinger, Elizabeth and Burrows, Christopher and Dweck, Carol S and Spelke, Elizabeth S and Banaji, Mahzarin R},
  year={2013},
  journal={PLoS ONE}
}


@Article{baker2014modeling,
  title={Modeling human plan recognition using Bayesian theory of mind},
  author={Baker, Chris L and Tenenbaum, Joshua B},
  journal={Plan, activity, and intent recognition: Theory and practice},
  pages={177--204},
  year={2014}
}


@Article{jara2015not,
  title={Not So Innocent. Toddlersï¿½ Inferences About Costs and Culpability},
  author={Jara-Ettinger, Julian and Tenenbaum, Joshua B and Schulz, Laura E},
  journal={Psychological science},
  volume={26},
  number={5},
  pages={633--640},
  year={2015},
  publisher={SAGE Publications}
}

@Article{tremoulet2000perception,
  title={Perception of animacy from the motion of a single object},
  author={Tremoulet, Patrice D and Feldman, Jacob},
  journal={PERCEPTION-LONDON-},
  volume={29},
  number={8},
  pages={943--952},
  year={2000},
  publisher={Pion Ltd}
}

@Article{scholl2000perceptual,
  title={Perceptual causality and animacy},
  author={Scholl, Brian J and Tremoulet, Patrice D},
  journal={Trends in cognitive sciences},
  volume={4},
  number={8},
  pages={299--309},
  year={2000},
  publisher={Elsevier}
}

@Book{michotte1963perception,
  title={The perception of causality.},
  author={Michotte, Albert},
  year={1963},
  publisher={Basic Books}
}

@Article{leslie1987six,
  title={Do six-month-old infants perceive causality?},
  author={Leslie, Alan M and Keeble, Stephanie},
  journal={Cognition},
  volume={25},
  number={3},
  pages={265--288},
  year={1987},
  publisher={Elsevier}
}

@Article{spelke1995infants,
  title={Infants' knowledge of object motion and human action},
  author={Spelke, ES and Phillips, AT and Woodward, AL and Sperber, D and Premack, D and Premack, A},
  journal={Causal cognition: A multidisciplinary debate},
  year={1995},
  publisher={Oxford University Press}
}

@Article{tversky1974judgment,
  title={Judgment under uncertainty: Heuristics and biases},
  author={Tversky, Amos and Kahneman, Daniel},
  journal={science},
  volume={185},
  number={4157},
  pages={1124--1131},
  year={1974},
  publisher={American Association for the Advancement of Science}
}

@Article{runeson2000visual,
  title={Visual perception of dynamic properties: Cue heuristics versus direct-perceptual competence.},
  author={Runeson, Sverker and Juslin, Peter and Olsson, Henrik},
  journal={Psychological review},
  volume={107},
  number={3},
  pages={525},
  year={2000},
  publisher={American Psychological Association}
}

@Article{heider1944experimental,
  title={An experimental study of apparent behavior},
  author={Heider, Fritz and Simmel, Marianne},
  journal={The American Journal of Psychology},
  pages={243--259},
  year={1944},
  publisher={JSTOR}
}

@Article{rationalstance,
  title={Teleological reasoning in infancy: The na{\i}ve theory of rational action},
  author={Gergely, Gy{\"o}rgy and Csibra, Gergely},
  journal={Trends in cognitive sciences},
  volume={7},
  number={7},
  pages={287--292},
  year={2003},
  publisher={Elsevier}
}

@Article{hauskrecht2000value,
  title={Value-function approximations for partially observable Markov decision processes},
  author={Hauskrecht, Milos},
  journal={Journal of Artificial Intelligence Research},
  pages={33--94},
  year={2000}
}
% -----------------------------------------------------------------------
% Document End
% -----------------------------------------------------------------------
